<?xml version="1.0" encoding="UTF-8"?><collection xmlns="http://www.loc.gov/MARC21/slim"><record><leader>00510nam--2200181-u-4500</leader><controlfield tag="001">000054975</controlfield><controlfield tag="002">20161230</controlfield><controlfield tag="005">20170103230312</controlfield><controlfield tag="008">120717s1000------------r-----000-0-eng-d</controlfield><datafield ind1=" " ind2=" " tag="040"><subfield code="a">IFIN-HH</subfield></datafield><datafield ind1=" " ind2=" " tag="080"><subfield code="a">535.338.42:539.194</subfield></datafield><datafield ind1="1" ind2=" " tag="100"><subfield code="a">Papousek, Dusan</subfield></datafield><datafield ind1="1" ind2="0" tag="245"><subfield code="a">Molecular vibrational / rotational / spectra</subfield><subfield code="c">Dusan Papousek, Mamed Ragimovich Aliev</subfield></datafield><datafield ind1=" " ind2=" " tag="260"><subfield code="a">Prague</subfield><subfield code="b">Academia</subfield><subfield code="c">1982</subfield></datafield><datafield ind1=" " ind2=" " tag="300"><subfield code="a">323 p</subfield></datafield><datafield ind1="1" ind2=" " tag="700"><subfield code="a">Aliev, Mamed Ragimovich</subfield></datafield><datafield ind1=" " ind2=" " tag="852"><subfield code="a">70455</subfield><subfield code="c">539.19</subfield></datafield><datafield ind1=" " ind2=" " tag="CAT"><subfield code="a">SYS</subfield><subfield code="c">20170103</subfield><subfield code="h">230312</subfield></datafield></record></collection>